%% LaTeX2e file `references.bib'
%% generated by the `filecontents' environment
%% from source `template' on 2024/12/07.
%%
@article{lu2024aiscientist,
  title={The {AI} {S}cientist: Towards Fully Automated Open-Ended Scientific Discovery},
  author={Lu, Chris and Lu, Cong and Lange, Robert Tjarko and Foerster, Jakob and Clune, Jeff and Ha, David},
  journal={arXiv preprint arXiv:2408.06292},
  year={2024}
}

@book{goodfellow2016deep,
  title={Deep learning},
  author={Goodfellow, Ian and Bengio, Yoshua and Courville, Aaron and Bengio, Yoshua},
  volume={1},
  year={2016},
  publisher={MIT Press}
}

@article{power2022grokking,
  title={Grokking: Generalization beyond overfitting on small algorithmic datasets},
  author={Power, Alethea and Burda, Yuri and Edwards, Harri and Babuschkin, Igor and Misra, Vedant},
  journal={arXiv preprint arXiv:2201.02177},
  year={2022}
}

@article{vaswani2017attention,
  title={Attention is all you need},
  author={Vaswani, Ashish and Shazeer, Noam and Parmar, Niki and Uszkoreit, Jakob and Jones, Llion and Gomez, Aidan N and Kaiser, {\L}ukasz and Polosukhin, Illia},
  journal={Advances in neural information processing systems},
  volume={30},
  year={2017}
}

@article{kingma2014adam,
  title={Adam: A method for stochastic optimization},
  author={Kingma, Diederik P and Ba, Jimmy},
  journal={arXiv preprint arXiv:1412.6980},
  year={2014}
}

@article{ba2016layer,
  title={Layer normalization},
  author={Ba, Jimmy Lei and Kiros, Jamie Ryan and Hinton, Geoffrey E},
  journal={arXiv preprint arXiv:1607.06450},
  year={2016}
}

@article{loshchilov2017adamw,
  title={Decoupled weight decay regularization},
  author={Loshchilov, Ilya and Hutter, Frank},
  journal={arXiv preprint arXiv:1711.05101},
  year={2017}
}

@article{radford2019language,
  title={Language Models are Unsupervised Multitask Learners},
  author={Radford, Alec and Wu, Jeff and Child, Rewon and Luan, David and Amodei, Dario and Sutskever, Ilya},
  year={2019}
}

@article{bahdanau2014neural,
  title={Neural machine translation by jointly learning to align and translate},
  author={Bahdanau, Dzmitry and Cho, Kyunghyun and Bengio, Yoshua},
  journal={arXiv preprint arXiv:1409.0473},
  year={2014}
}

@article{paszke2019pytorch,
  title={Pytorch: An imperative style, high-performance deep learning library},
  author={Paszke, Adam and Gross, Sam and Massa, Francisco and Lerer, Adam and Bradbury, James and Chanan, Gregory and Killeen, Trevor and Lin, Zeming and Gimelshein, Natalia and Antiga, Luca and others},
  journal={Advances in neural information processing systems},
  volume={32},
  year={2019}
}

@Article{Kim2021OlderAP,
 author = {Jongwoong Kim},
 booktitle = {Innovation in aging},
 journal = {Innovation in Aging},
 title = {Older Adults’ Perceptions of Smart City Initiatives to Age in Community},
 year = {2021}
}


@Article{Ullah2023SmartCT,
 author = {Amin Ullah and Syed Myhammad Anwar and Jianqiang Li and Lubna Nadeem and Tariq Mahmood and Amjad Rehman and T. Saba},
 booktitle = {Complex &amp; Intelligent Systems},
 journal = {Complex &amp; Intelligent Systems},
 title = {Smart cities: the role of Internet of Things and machine learning in realizing a data-centric smart environment},
 year = {2023}
}


@Article{Ghazal2021IoTFS,
 author = {Taher M. Ghazal and M Zahid Hasan and M. Alshurideh and Haitham M. Alzoubi and Munir Ahmad and Syed Shehryar Akbar and B. Kurdi and Iman A. Akour},
 booktitle = {Future Internet},
 journal = {Future Internet},
 pages = {218},
 title = {IoT for Smart Cities: Machine Learning Approaches in Smart Healthcare - A Review},
 volume = {13},
 year = {2021}
}


@Article{Ghazal2021IoTFS,
 author = {Taher M. Ghazal and M Zahid Hasan and M. Alshurideh and Haitham M. Alzoubi and Munir Ahmad and Syed Shehryar Akbar and B. Kurdi and Iman A. Akour},
 booktitle = {Future Internet},
 journal = {Future Internet},
 pages = {218},
 title = {IoT for Smart Cities: Machine Learning Approaches in Smart Healthcare - A Review},
 volume = {13},
 year = {2021}
}


@Article{Alsamhi2021MachineLF,
 author = {S. Alsamhi and Faris A. Almalki and H. Al-Dois and Soufiene Ben Othman and J. Hassan and Ammar Hawbani and Radhya Sahal and Brian A. Lee and Hager Saleh},
 booktitle = {Computational Intelligence and Neuroscience},
 journal = {Computational Intelligence and Neuroscience},
 title = {Machine Learning for Smart Environments in B5G Networks: Connectivity and QoS},
 volume = {2021},
 year = {2021}
}


@Article{Ullah2023SmartCT,
 author = {Amin Ullah and Syed Myhammad Anwar and Jianqiang Li and Lubna Nadeem and Tariq Mahmood and Amjad Rehman and T. Saba},
 booktitle = {Complex &amp; Intelligent Systems},
 journal = {Complex &amp; Intelligent Systems},
 title = {Smart cities: the role of Internet of Things and machine learning in realizing a data-centric smart environment},
 year = {2023}
}


@Article{Ionescu2024PRISMAOM,
 author = {Ș. Ionescu and Nicolae Marius Jula and G. Hurduzeu and A. Păuceanu and A. Sima},
 booktitle = {Applied Sciences},
 journal = {Applied Sciences},
 title = {PRISMA on Machine Learning Techniques in Smart City Development},
 year = {2024}
}


@Article{Ullah2023SmartCT,
 author = {Amin Ullah and Syed Myhammad Anwar and Jianqiang Li and Lubna Nadeem and Tariq Mahmood and Amjad Rehman and T. Saba},
 booktitle = {Complex &amp; Intelligent Systems},
 journal = {Complex &amp; Intelligent Systems},
 title = {Smart cities: the role of Internet of Things and machine learning in realizing a data-centric smart environment},
 year = {2023}
}


@Article{Koutra2022UnveilingTP,
 author = {Sesil Koutra and C. Ioakimidis},
 booktitle = {Land},
 journal = {Land},
 title = {Unveiling the Potential of Machine Learning Applications in Urban Planning Challenges},
 year = {2022}
}


@Article{Koutra2022UnveilingTP,
 author = {Sesil Koutra and C. Ioakimidis},
 booktitle = {Land},
 journal = {Land},
 title = {Unveiling the Potential of Machine Learning Applications in Urban Planning Challenges},
 year = {2022}
}


@Article{Geng2022EvaluationOS,
 author = {Longling Geng and Xinzhang Xiong and Zhenyao Liu and Yifan Wei and Ziliang Lan and Mingyuan Hu and Mengxi Guo and Rebecca Xu and Hao Yuan and Zhiyuan Yang and Hanxia Li and Yifan Zhou and Huchong Jin and Chenyi Wang and Liuxuan Jiao and Qiuhang Huang and Fengyang Wang and Katrina Sung and Charles Zhang and Mingyang Sun and Xiaojing Li and Nanbo Zhang and Xuan Liu and Ruiyang Gao and Haihan Wang and Juntao Jiang and Yi Tao and Lifeng Zhang and Shengsheng Cao and Longfei Zhou and Xiaoman Duan and Yajun Fang},
 booktitle = {International Conference on Universal Village},
 journal = {2022 6th International Conference on Universal Village (UV)},
 pages = {1-386},
 title = {Evaluation of Smart Home Systems and Novel UV-Oriented Solution for Integration, Resilience, Inclusiveness & Sustainability},
 year = {2022}
}


@Article{Koutra2022UnveilingTP,
 author = {Sesil Koutra and C. Ioakimidis},
 booktitle = {Land},
 journal = {Land},
 title = {Unveiling the Potential of Machine Learning Applications in Urban Planning Challenges},
 year = {2022}
}


@Article{Alghamdi2023SmartCU,
 author = {Mansoor Alghamdi},
 booktitle = {Soft Computing - A Fusion of Foundations, Methodologies and Applications},
 journal = {Soft Computing},
 pages = {1-13},
 title = {Smart city urban planning using an evolutionary deep learning model},
 year = {2023}
}


@Article{Ullah2023SmartCT,
 author = {Amin Ullah and Syed Myhammad Anwar and Jianqiang Li and Lubna Nadeem and Tariq Mahmood and Amjad Rehman and T. Saba},
 booktitle = {Complex &amp; Intelligent Systems},
 journal = {Complex &amp; Intelligent Systems},
 title = {Smart cities: the role of Internet of Things and machine learning in realizing a data-centric smart environment},
 year = {2023}
}


@Article{Alghamdi2023SmartCU,
 author = {Mansoor Alghamdi},
 booktitle = {Soft Computing - A Fusion of Foundations, Methodologies and Applications},
 journal = {Soft Computing},
 pages = {1-13},
 title = {Smart city urban planning using an evolutionary deep learning model},
 year = {2023}
}


@Article{Zheng2024ASO,
 author = {Y. Zheng and Qianyue Hao and Jingwei Wang and Changzheng Gao and Jinwei Chen and Depeng Jin and Yong Li},
 booktitle = {ACM Computing Surveys},
 journal = {ACM Computing Surveys},
 title = {A Survey of Machine Learning for Urban Decision Making: Applications in Planning, Transportation, and Healthcare},
 year = {2024}
}

