%% LaTeX2e file `references.bib'
%% generated by the `filecontents' environment
%% from source `template' on 2024/12/07.
%%
@article{lu2024aiscientist,
  title={The {AI} {S}cientist: Towards Fully Automated Open-Ended Scientific Discovery},
  author={Lu, Chris and Lu, Cong and Lange, Robert Tjarko and Foerster, Jakob and Clune, Jeff and Ha, David},
  journal={arXiv preprint arXiv:2408.06292},
  year={2024}
}

@book{goodfellow2016deep,
  title={Deep learning},
  author={Goodfellow, Ian and Bengio, Yoshua and Courville, Aaron and Bengio, Yoshua},
  volume={1},
  year={2016},
  publisher={MIT Press}
}

@article{power2022grokking,
  title={Grokking: Generalization beyond overfitting on small algorithmic datasets},
  author={Power, Alethea and Burda, Yuri and Edwards, Harri and Babuschkin, Igor and Misra, Vedant},
  journal={arXiv preprint arXiv:2201.02177},
  year={2022}
}

@article{vaswani2017attention,
  title={Attention is all you need},
  author={Vaswani, Ashish and Shazeer, Noam and Parmar, Niki and Uszkoreit, Jakob and Jones, Llion and Gomez, Aidan N and Kaiser, {\L}ukasz and Polosukhin, Illia},
  journal={Advances in neural information processing systems},
  volume={30},
  year={2017}
}

@article{kingma2014adam,
  title={Adam: A method for stochastic optimization},
  author={Kingma, Diederik P and Ba, Jimmy},
  journal={arXiv preprint arXiv:1412.6980},
  year={2014}
}

@article{ba2016layer,
  title={Layer normalization},
  author={Ba, Jimmy Lei and Kiros, Jamie Ryan and Hinton, Geoffrey E},
  journal={arXiv preprint arXiv:1607.06450},
  year={2016}
}

@article{loshchilov2017adamw,
  title={Decoupled weight decay regularization},
  author={Loshchilov, Ilya and Hutter, Frank},
  journal={arXiv preprint arXiv:1711.05101},
  year={2017}
}

@article{radford2019language,
  title={Language Models are Unsupervised Multitask Learners},
  author={Radford, Alec and Wu, Jeff and Child, Rewon and Luan, David and Amodei, Dario and Sutskever, Ilya},
  year={2019}
}

@article{bahdanau2014neural,
  title={Neural machine translation by jointly learning to align and translate},
  author={Bahdanau, Dzmitry and Cho, Kyunghyun and Bengio, Yoshua},
  journal={arXiv preprint arXiv:1409.0473},
  year={2014}
}

@article{paszke2019pytorch,
  title={Pytorch: An imperative style, high-performance deep learning library},
  author={Paszke, Adam and Gross, Sam and Massa, Francisco and Lerer, Adam and Bradbury, James and Chanan, Gregory and Killeen, Trevor and Lin, Zeming and Gimelshein, Natalia and Antiga, Luca and others},
  journal={Advances in neural information processing systems},
  volume={32},
  year={2019}
}

@Inproceedings{Okyere2017AnU,
 author = {S. A. Okyere and S. Diko and M. Hiraoka and M. Kita},
 pages = {13},
 title = {An Urban “Mixity”: Spatial Dynamics of Social Interactions and Human Behaviors in the Abese informal Quarter of La Dadekotopon, Ghana},
 volume = {1},
 year = {2017}
}


@Article{Park2023UNDERSTANDINGI,
 author = {Sojung Park and Jihye Baek and Byeongju Ryu and Ahra Ko and Jeungkun Kim and Takashi Amano and Hyeji Kim},
 booktitle = {Innovation in aging},
 journal = {Innovation in Aging},
 pages = {1146 - 1146},
 title = {UNDERSTANDING “COMMUNITIES” IN COMMUNITY-BASED SENIOR HOUSING MODELS: A SCOPING REVIEW},
 volume = {7},
 year = {2023}
}


@Article{Ferreira2020ADL,
 author = {D. L. Ferreira and B. A. A. Nunes and C. A. V. Campos and K. Obraczka},
 booktitle = {ACM Trans. Spatial Algorithms Syst.},
 journal = {ACM Transactions on Spatial Algorithms and Systems (TSAS)},
 pages = {1 - 24},
 title = {A Deep Learning Approach for Identifying User Communities Based on Geographical Preferences and Its Applications to Urban and Environmental Planning},
 volume = {6},
 year = {2020}
}


@Article{Gao2023ArtificialIA,
 author = {Song Gao},
 booktitle = {arXiv.org},
 journal = {ArXiv},
 title = {Artificial Intelligence and Human Geography},
 volume = {abs/2312.08827},
 year = {2023}
}


@Article{Zheng2023RoadPF,
 author = {Y. Zheng and Hongyuan Su and Jingtao Ding and Depeng Jin and Yong Li},
 booktitle = {Knowledge Discovery and Data Mining},
 journal = {Proceedings of the 29th ACM SIGKDD Conference on Knowledge Discovery and Data Mining},
 title = {Road Planning for Slums via Deep Reinforcement Learning},
 year = {2023}
}


@Article{Buxens2024STEPBYSTEPMF,
 author = {Olatz Nicolas Buxens and Silvia URRA-URIARTE and Amaia Sopelana and Itsaso GONZALEZ OCHOANTESANA and Idoia LANDA OREGI},
 booktitle = {Wit Transactions on Ecology and The Environment},
 journal = {WIT Transactions on Ecology and the Environment},
 title = {STEP-BY-STEP METHOD FOR DISTRICT RENOVATION THROUGH COMMUNITY ENGAGEMENT AND URBAN PLANNING TO FOSTER LOCAL ECONOMIC DEVELOPMENT AND IMPROVE THE QUALITY OF LIFE},
 year = {2024}
}


@Article{Zheng2023RoadPF,
 author = {Y. Zheng and Hongyuan Su and Jingtao Ding and Depeng Jin and Yong Li},
 booktitle = {Knowledge Discovery and Data Mining},
 journal = {Proceedings of the 29th ACM SIGKDD Conference on Knowledge Discovery and Data Mining},
 title = {Road Planning for Slums via Deep Reinforcement Learning},
 year = {2023}
}


@Article{Zheng2023SpatialPO,
 author = {Y. Zheng and Yuming Lin and Liang Zhao and Tinghai Wu and Depeng Jin and Yong Li},
 booktitle = {Nature Computational Science},
 journal = {Nature Computational Science},
 pages = {748 - 762},
 title = {Spatial planning of urban communities via deep reinforcement learning},
 volume = {3},
 year = {2023}
}


@Article{Zheng2023SpatialPO,
 author = {Y. Zheng and Yuming Lin and Liang Zhao and Tinghai Wu and Depeng Jin and Yong Li},
 booktitle = {Nature Computational Science},
 journal = {Nature Computational Science},
 pages = {748 - 762},
 title = {Spatial planning of urban communities via deep reinforcement learning},
 volume = {3},
 year = {2023}
}


@Article{Deep2023EvaluatingTI,
 author = {Gagan Deep},
 booktitle = {World Journal of Advanced Research and Reviews},
 journal = {World Journal of Advanced Research and Reviews},
 title = {Evaluating the impact of community engagement in urban planning on sustainable development},
 year = {2023}
}


@Article{Owuondo2024CommunityEI,
 author = {Joseph Owuondo},
 booktitle = {International journal of research and innovation in social science},
 journal = {International Journal of Research and Innovation in Social Science},
 title = {Community Engagement in Urban Planning: A Catalyst for Sustainable Development},
 year = {2024}
}


@Article{Owuondo2024CommunityEI,
 author = {Joseph Owuondo},
 booktitle = {International journal of research and innovation in social science},
 journal = {International Journal of Research and Innovation in Social Science},
 title = {Community Engagement in Urban Planning: A Catalyst for Sustainable Development},
 year = {2024}
}


@Article{Zheng2023SpatialPO,
 author = {Y. Zheng and Yuming Lin and Liang Zhao and Tinghai Wu and Depeng Jin and Yong Li},
 booktitle = {Nature Computational Science},
 journal = {Nature Computational Science},
 pages = {748 - 762},
 title = {Spatial planning of urban communities via deep reinforcement learning},
 volume = {3},
 year = {2023}
}


@Article{Deep2023EvaluatingTI,
 author = {Gagan Deep},
 booktitle = {World Journal of Advanced Research and Reviews},
 journal = {World Journal of Advanced Research and Reviews},
 title = {Evaluating the impact of community engagement in urban planning on sustainable development},
 year = {2023}
}


@Article{Hu2023DualstageFG,
 author = {Xuanming Hu and Wei Fan and Dongjie Wang and Pengyang Wang and Yong Li and Yanjie Fu},
 booktitle = {SDM},
 pages = {370-378},
 title = {Dual-stage Flows-based Generative Modeling for Traceable Urban Planning},
 year = {2023}
}


@Article{Owuondo2024CommunityEI,
 author = {Joseph Owuondo},
 booktitle = {International journal of research and innovation in social science},
 journal = {International Journal of Research and Innovation in Social Science},
 title = {Community Engagement in Urban Planning: A Catalyst for Sustainable Development},
 year = {2024}
}

